@article{chehouri2016constraint,
  title={A constraint-handling technique for genetic algorithms using a violation factor},
  author={Chehouri, Adam and Younes, Rafic and Perron, Jean and Ilinca, Adrian},
  journal={arXiv preprint arXiv:1610.00976},
  year={2016}
}
